@article{example_reference,
  author = {John Doe and Jane Smith},
  title = {An Example Article},
  journal = {Journal of Examples},
  year = {2020},
  volume = {10},
  number = {2},
  pages = {123-456}
}